<?xml version="1.0" encoding="UTF-8"?>
<Document xmlns="urn:iso:std:iso:20022:tech:xsd:camt.053.001.04" xmlns:xsi="http://www.w3.org/2001/XMLSchema-instance" xsi:schemaLocation="urn:iso:std:iso:20022:tech:xsd:camt.053.001.04 camt.053.001.04.xsd">
  <BkToCstmrStmt>
    <GrpHdr>
      <MsgId>C053201124181701</MsgId>
      <CreDtTm>2020-11-24T18:17:26+01:00</CreDtTm>
      <MsgRcpt>
        <Id>
          <OrgId>
            <AnyBIC>UBSWCHZHCCS</AnyBIC>
          </OrgId>
        </Id>
      </MsgRcpt>
      <MsgPgntn>
        <PgNb>1</PgNb>
        <LastPgInd>true</LastPgInd>
      </MsgPgntn>
      <AddtlInf>SPS/1.7</AddtlInf>
    </GrpHdr>
    <Stmt>
      <Id>0002011241817001</Id>
      <ElctrncSeqNb>1</ElctrncSeqNb>
      <CreDtTm>2020-11-24T18:17:26+01:00</CreDtTm>
      <FrToDt>
        <FrDtTm>2020-11-24T00:00:00+01:00</FrDtTm>
        <ToDtTm>2020-11-24T24:00:00+01:00</ToDtTm>
      </FrToDt>
      <Acct>
        <Id>
          <IBAN>CH2801234000123456789</IBAN>
        </Id>
        <Ccy>CHF</Ccy>
        <Ownr>
          <Nm>UNIFITS GmbH</Nm>
        </Ownr>
        <Svcr>
          <FinInstnId>
            <BICFI>UBSWCHZH80A</BICFI>
            <Nm>UBS SWITZERLAND AG</Nm>
            <Othr>
              <Id>CHE-116.303.292 MWST</Id>
              <Issr>VAT-ID</Issr>
            </Othr>
          </FinInstnId>
        </Svcr>
      </Acct>
      <Bal>
        <Tp>
          <CdOrPrtry>
            <Cd>OPBD</Cd>
          </CdOrPrtry>
        </Tp>
        <Amt Ccy="CHF">10000</Amt>
        <CdtDbtInd>CRDT</CdtDbtInd>
        <Dt>
          <Dt>2020-11-24</Dt>
        </Dt>
      </Bal>
      <Bal>
        <Tp>
          <CdOrPrtry>
            <Cd>CLBD</Cd>
          </CdOrPrtry>
        </Tp>
        <Amt Ccy="CHF">9975.7</Amt>
        <CdtDbtInd>CRDT</CdtDbtInd>
        <Dt>
          <Dt>2020-11-24</Dt>
        </Dt>
      </Bal>
      <Bal>
        <Tp>
          <CdOrPrtry>
            <Cd>CLAV</Cd>
          </CdOrPrtry>
        </Tp>
        <Amt Ccy="CHF">9975.7</Amt>
        <CdtDbtInd>CRDT</CdtDbtInd>
        <Dt>
          <Dt>2020-11-24</Dt>
        </Dt>
      </Bal>
      <Ntry>
        <Amt Ccy="CHF">24.3</Amt>
        <CdtDbtInd>DBIT</CdtDbtInd>
        <Sts>BOOK</Sts>
        <BookgDt>
          <Dt>2020-11-24</Dt>
        </BookgDt>
        <ValDt>
          <Dt>2020-11-24</Dt>
        </ValDt>
        <AcctSvcrRef>ACSR201124181701</AcctSvcrRef>
        <BkTxCd>
          <Domn>
            <Cd>PMNT</Cd>
            <Fmly>
              <Cd>ICDT</Cd>
              <SubFmlyCd>DMCT</SubFmlyCd>
            </Fmly>
          </Domn>
          <Prtry>
            <Cd>Z24</Cd>
          </Prtry>
        </BkTxCd>
        <AddtlInfInd>
          <MsgNmId>camt.054.001.04</MsgNmId>
          <MsgId>C054201124181701</MsgId>
        </AddtlInfInd>
        <AmtDtls>
          <InstdAmt>
            <Amt Ccy="CHF">24.3</Amt>
          </InstdAmt>
          <TxAmt>
            <Amt Ccy="CHF">24.3</Amt>
          </TxAmt>
        </AmtDtls>
        <NtryDtls>
          <Btch>
            <MsgId>UXC20112400010</MsgId>
            <PmtInfId>UXC20112400010PI00001</PmtInfId>
            <NbOfTxs>2</NbOfTxs>
            <TtlAmt Ccy="CHF">24.3</TtlAmt>
            <CdtDbtInd>DBIT</CdtDbtInd>
          </Btch>
        </NtryDtls>
        <AddtlNtryInf>Order</AddtlNtryInf>
      </Ntry>
    </Stmt>
  </BkToCstmrStmt>
</Document>